@article{survey,
  title={A survey of contemporary instructional operating systems for use in undergraduate courses},
  author={Anderson, Charles L and Nguyen, Minh},
  journal={Journal of Computing Sciences in Colleges},
  volume={21},
  number={1},
  pages={183--190},
  year={2005},
  publisher={Consortium for Computing Sciences in Colleges}
}

@article{os161,
  title={A new instructional operating system},
  author={Holland, David A and Lim, Ada T and Seltzer, Margo I},
  journal={ACM SIGCSE Bulletin},
  volume={34},
  number={1},
  pages={111--115},
  year={2002},
  publisher={ACM}
}

@inproceedings{pintos,
  title={The pintos instructional operating system kernel},
  author={Pfaff, Ben and Romano, Anthony and Back, Godmar},
  booktitle={ACM SIGCSE Bulletin},
  volume={41},
  number={1},
  pages={453--457},
  year={2009},
  organization={ACM}
}

@inproceedings{nachos,
  title={The Nachos instructional operating system},
  author={Christopher, Wayne A and Procter, Steven J and Anderson, Thomas E},
  booktitle={Proceedings of the USENIX Winter 1993 Conference Proceedings on USENIX Winter 1993 Conference Proceedings},
  pages={4--4},
  year={1993},
  organization={USENIX Association}
}


@book{silberschatz,
  title={Operating system concepts},
  author={Silberschatz, Abraham and Galvin, Peter B and Gagne, Greg},
  year={2009},
  publisher={J. Wiley \& Sons}
}








